<?xml version="1.0" encoding="UTF-8"?><collection xmlns="http://www.loc.gov/MARC21/slim"><record><leader>00605nam--2200181-i-4500</leader><controlfield tag="001">000012024</controlfield><controlfield tag="002">20161230</controlfield><controlfield tag="005">20161230201029</controlfield><controlfield tag="008">060222s1000------------r-----000-0-fre-d</controlfield><datafield ind1=" " ind2=" " tag="040"><subfield code="a">IFIN-HH</subfield></datafield><datafield ind1=" " ind2=" " tag="041"><subfield code="a">fre</subfield></datafield><datafield ind1=" " ind2=" " tag="080"><subfield code="a">53</subfield></datafield><datafield ind1="1" ind2=" " tag="100"><subfield code="a">Castelfranchi, Gaetano</subfield></datafield><datafield ind1="1" ind2="0" tag="245"><subfield code="a">Physics moderne. expose synthetique et methodique de la physique d'aujourd`hui et des travaux theoriques et experimentaux des plus grands physiciens contemporains</subfield><subfield code="b">Premier fascicule</subfield><subfield code="c">Gaetano castelfranchi</subfield></datafield><datafield ind1=" " ind2=" " tag="260"><subfield code="a">Paris</subfield><subfield code="b">Albert Blanchard</subfield><subfield code="c">1930</subfield></datafield><datafield ind1=" " ind2=" " tag="300"><subfield code="a">329 P</subfield></datafield><datafield ind1=" " ind2=" " tag="852"><subfield code="a">44493</subfield><subfield code="c">H.H</subfield></datafield><datafield ind1=" " ind2=" " tag="CAT"><subfield code="a">Sys</subfield><subfield code="c">20130409</subfield><subfield code="h">161012</subfield></datafield></record></collection>